%YAML 1.1
%TAG !u! tag:unity3d.com,2011:
--- !u!29 &1
OcclusionCullingSettings:
  m_ObjectHideFlags: 0
  serializedVersion: 2
  m_OcclusionBakeSettings:
    smallestOccluder: 5
    smallestHole: 0.25
    backfaceThreshold: 100
  m_SceneGUID: 00000000000000000000000000000000
  m_OcclusionCullingData: {fileID: 0}
--- !u!104 &2
RenderSettings:
  m_ObjectHideFlags: 0
  serializedVersion: 8
  m_Fog: 0
  m_FogColor: {r: 0.5, g: 0.5, b: 0.5, a: 1}
  m_FogMode: 3
  m_FogDensity: 0.01
  m_LinearFogStart: 0
  m_LinearFogEnd: 300
  m_AmbientSkyColor: {r: 0.212, g: 0.227, b: 0.259, a: 1}
  m_AmbientEquatorColor: {r: 0.114, g: 0.125, b: 0.133, a: 1}
  m_AmbientGroundColor: {r: 0.047, g: 0.043, b: 0.035, a: 1}
  m_AmbientIntensity: 1
  m_AmbientMode: 0
  m_SubtractiveShadowColor: {r: 0.42, g: 0.478, b: 0.627, a: 1}
  m_SkyboxMaterial: {fileID: 10304, guid: 0000000000000000f000000000000000, type: 0}
  m_HaloStrength: 0.5
  m_FlareStrength: 1
  m_FlareFadeSpeed: 3
  m_HaloTexture: {fileID: 0}
  m_SpotCookie: {fileID: 10001, guid: 0000000000000000e000000000000000, type: 0}
  m_DefaultReflectionMode: 0
  m_DefaultReflectionResolution: 128
  m_ReflectionBounces: 1
  m_ReflectionIntensity: 1
  m_CustomReflection: {fileID: 0}
  m_Sun: {fileID: 0}
  m_IndirectSpecularColor: {r: 0.44657844, g: 0.49641222, b: 0.57481694, a: 1}
--- !u!157 &3
LightmapSettings:
  m_ObjectHideFlags: 0
  serializedVersion: 11
  m_GIWorkflowMode: 0
  m_GISettings:
    serializedVersion: 2
    m_BounceScale: 1
    m_IndirectOutputScale: 1
    m_AlbedoBoost: 1
    m_TemporalCoherenceThreshold: 1
    m_EnvironmentLightingMode: 0
    m_EnableBakedLightmaps: 1
    m_EnableRealtimeLightmaps: 1
  m_LightmapEditorSettings:
    serializedVersion: 9
    m_Resolution: 2
    m_BakeResolution: 40
    m_TextureWidth: 1024
    m_TextureHeight: 1024
    m_AO: 0
    m_AOMaxDistance: 1
    m_CompAOExponent: 1
    m_CompAOExponentDirect: 0
    m_Padding: 2
    m_LightmapParameters: {fileID: 0}
    m_LightmapsBakeMode: 1
    m_TextureCompression: 1
    m_FinalGather: 0
    m_FinalGatherFiltering: 1
    m_FinalGatherRayCount: 256
    m_ReflectionCompression: 2
    m_MixedBakeMode: 2
    m_BakeBackend: 0
    m_PVRSampling: 1
    m_PVRDirectSampleCount: 32
    m_PVRSampleCount: 500
    m_PVRBounces: 2
    m_PVRFiltering: 0
    m_PVRFilteringMode: 1
    m_PVRCulling: 1
    m_PVRFilteringGaussRadiusDirect: 1
    m_PVRFilteringGaussRadiusIndirect: 5
    m_PVRFilteringGaussRadiusAO: 2
    m_PVRFilteringAtrousColorSigma: 1
    m_PVRFilteringAtrousNormalSigma: 1
    m_PVRFilteringAtrousPositionSigma: 1
  m_LightingDataAsset: {fileID: 0}
  m_UseShadowmask: 1
--- !u!196 &4
NavMeshSettings:
  serializedVersion: 2
  m_ObjectHideFlags: 0
  m_BuildSettings:
    serializedVersion: 2
    agentTypeID: 0
    agentRadius: 0.5
    agentHeight: 2
    agentSlope: 45
    agentClimb: 0.4
    ledgeDropHeight: 0
    maxJumpAcrossDistance: 0
    minRegionArea: 2
    manualCellSize: 0
    cellSize: 0.16666667
    manualTileSize: 0
    tileSize: 256
    accuratePlacement: 0
  m_NavMeshData: {fileID: 0}
--- !u!1 &36388815
GameObject:
  m_ObjectHideFlags: 0
  m_PrefabParentObject: {fileID: 0}
  m_PrefabInternal: {fileID: 0}
  serializedVersion: 5
  m_Component:
  - component: {fileID: 36388817}
  - component: {fileID: 36388816}
  m_Layer: 0
  m_Name: Directional Light
  m_TagString: Untagged
  m_Icon: {fileID: 0}
  m_NavMeshLayer: 0
  m_StaticEditorFlags: 0
  m_IsActive: 1
--- !u!108 &36388816
Light:
  m_ObjectHideFlags: 0
  m_PrefabParentObject: {fileID: 0}
  m_PrefabInternal: {fileID: 0}
  m_GameObject: {fileID: 36388815}
  m_Enabled: 1
  serializedVersion: 8
  m_Type: 1
  m_Color: {r: 1, g: 0.95686275, b: 0.8392157, a: 1}
  m_Intensity: 1
  m_Range: 10
  m_SpotAngle: 30
  m_CookieSize: 10
  m_Shadows:
    m_Type: 2
    m_Resolution: -1
    m_CustomResolution: -1
    m_Strength: 1
    m_Bias: 0.05
    m_NormalBias: 0.4
    m_NearPlane: 0.2
  m_Cookie: {fileID: 0}
  m_DrawHalo: 0
  m_Flare: {fileID: 0}
  m_RenderMode: 0
  m_CullingMask:
    serializedVersion: 2
    m_Bits: 4294967295
  m_Lightmapping: 4
  m_AreaSize: {x: 1, y: 1}
  m_BounceIntensity: 1
  m_FalloffTable:
    m_Table[0]: 0
    m_Table[1]: 0
    m_Table[2]: 0
    m_Table[3]: 0
    m_Table[4]: 0
    m_Table[5]: 0
    m_Table[6]: 0
    m_Table[7]: 0
    m_Table[8]: 0
    m_Table[9]: 0
    m_Table[10]: 0
    m_Table[11]: 0
    m_Table[12]: 0
  m_ColorTemperature: 6570
  m_UseColorTemperature: 0
  m_ShadowRadius: 0
  m_ShadowAngle: 0
--- !u!4 &36388817
Transform:
  m_ObjectHideFlags: 0
  m_PrefabParentObject: {fileID: 0}
  m_PrefabInternal: {fileID: 0}
  m_GameObject: {fileID: 36388815}
  m_LocalRotation: {x: 0.40821788, y: -0.23456968, z: 0.10938163, w: 0.8754261}
  m_LocalPosition: {x: 0, y: 3, z: 0}
  m_LocalScale: {x: 1, y: 1, z: 1}
  m_Children: []
  m_Father: {fileID: 0}
  m_RootOrder: 0
  m_LocalEulerAnglesHint: {x: 50, y: -30, z: 0}
--- !u!1001 &198260921
Prefab:
  m_ObjectHideFlags: 0
  serializedVersion: 2
  m_Modification:
    m_TransformParent: {fileID: 1436451053}
    m_Modifications:
    - target: {fileID: 4838644706478054, guid: c12c4dacfa6d87c42aabfa37ecbdbbf7, type: 2}
      propertyPath: m_LocalPosition.x
      value: 0.029999912
      objectReference: {fileID: 0}
    - target: {fileID: 4838644706478054, guid: c12c4dacfa6d87c42aabfa37ecbdbbf7, type: 2}
      propertyPath: m_LocalPosition.y
      value: -0.24000001
      objectReference: {fileID: 0}
    - target: {fileID: 4838644706478054, guid: c12c4dacfa6d87c42aabfa37ecbdbbf7, type: 2}
      propertyPath: m_LocalPosition.z
      value: 0.069999695
      objectReference: {fileID: 0}
    - target: {fileID: 4838644706478054, guid: c12c4dacfa6d87c42aabfa37ecbdbbf7, type: 2}
      propertyPath: m_LocalRotation.x
      value: -0
      objectReference: {fileID: 0}
    - target: {fileID: 4838644706478054, guid: c12c4dacfa6d87c42aabfa37ecbdbbf7, type: 2}
      propertyPath: m_LocalRotation.y
      value: -0
      objectReference: {fileID: 0}
    - target: {fileID: 4838644706478054, guid: c12c4dacfa6d87c42aabfa37ecbdbbf7, type: 2}
      propertyPath: m_LocalRotation.z
      value: -0
      objectReference: {fileID: 0}
    - target: {fileID: 4838644706478054, guid: c12c4dacfa6d87c42aabfa37ecbdbbf7, type: 2}
      propertyPath: m_LocalRotation.w
      value: 1
      objectReference: {fileID: 0}
    - target: {fileID: 4838644706478054, guid: c12c4dacfa6d87c42aabfa37ecbdbbf7, type: 2}
      propertyPath: m_RootOrder
      value: 4
      objectReference: {fileID: 0}
    - target: {fileID: 1049755444878860, guid: c12c4dacfa6d87c42aabfa37ecbdbbf7, type: 2}
      propertyPath: m_TagString
      value: Obj
      objectReference: {fileID: 0}
    m_RemovedComponents: []
  m_ParentPrefab: {fileID: 100100000, guid: c12c4dacfa6d87c42aabfa37ecbdbbf7, type: 2}
  m_IsPrefabParent: 0
--- !u!4 &198260922 stripped
Transform:
  m_PrefabParentObject: {fileID: 4838644706478054, guid: c12c4dacfa6d87c42aabfa37ecbdbbf7,
    type: 2}
  m_PrefabInternal: {fileID: 198260921}
--- !u!1001 &257395071
Prefab:
  m_ObjectHideFlags: 0
  serializedVersion: 2
  m_Modification:
    m_TransformParent: {fileID: 0}
    m_Modifications:
    - target: {fileID: 4888339897762086, guid: b4638050724ab644f961e80b3361ddb3, type: 2}
      propertyPath: m_LocalPosition.x
      value: -3.41
      objectReference: {fileID: 0}
    - target: {fileID: 4888339897762086, guid: b4638050724ab644f961e80b3361ddb3, type: 2}
      propertyPath: m_LocalPosition.y
      value: 3.07
      objectReference: {fileID: 0}
    - target: {fileID: 4888339897762086, guid: b4638050724ab644f961e80b3361ddb3, type: 2}
      propertyPath: m_LocalPosition.z
      value: 10.061
      objectReference: {fileID: 0}
    - target: {fileID: 4888339897762086, guid: b4638050724ab644f961e80b3361ddb3, type: 2}
      propertyPath: m_LocalRotation.x
      value: 0
      objectReference: {fileID: 0}
    - target: {fileID: 4888339897762086, guid: b4638050724ab644f961e80b3361ddb3, type: 2}
      propertyPath: m_LocalRotation.y
      value: 0
      objectReference: {fileID: 0}
    - target: {fileID: 4888339897762086, guid: b4638050724ab644f961e80b3361ddb3, type: 2}
      propertyPath: m_LocalRotation.z
      value: 0
      objectReference: {fileID: 0}
    - target: {fileID: 4888339897762086, guid: b4638050724ab644f961e80b3361ddb3, type: 2}
      propertyPath: m_LocalRotation.w
      value: 1
      objectReference: {fileID: 0}
    - target: {fileID: 4888339897762086, guid: b4638050724ab644f961e80b3361ddb3, type: 2}
      propertyPath: m_RootOrder
      value: 4
      objectReference: {fileID: 0}
    - target: {fileID: 114977051572426832, guid: b4638050724ab644f961e80b3361ddb3,
        type: 2}
      propertyPath: encompassedTransform
      value: 
      objectReference: {fileID: 505451229}
    - target: {fileID: 1761513603443372, guid: b4638050724ab644f961e80b3361ddb3, type: 2}
      propertyPath: m_Name
      value: TransformManipulationBox (2)
      objectReference: {fileID: 0}
    m_RemovedComponents: []
  m_ParentPrefab: {fileID: 100100000, guid: b4638050724ab644f961e80b3361ddb3, type: 2}
  m_IsPrefabParent: 0
--- !u!4 &257395072 stripped
Transform:
  m_PrefabParentObject: {fileID: 4888339897762086, guid: b4638050724ab644f961e80b3361ddb3,
    type: 2}
  m_PrefabInternal: {fileID: 257395071}
--- !u!1001 &505451228
Prefab:
  m_ObjectHideFlags: 0
  serializedVersion: 2
  m_Modification:
    m_TransformParent: {fileID: 257395072}
    m_Modifications:
    - target: {fileID: 4697703872394988, guid: 9c7158124a365cd4ab51924c8567396e, type: 2}
      propertyPath: m_LocalPosition.x
      value: -0.00999999
      objectReference: {fileID: 0}
    - target: {fileID: 4697703872394988, guid: 9c7158124a365cd4ab51924c8567396e, type: 2}
      propertyPath: m_LocalPosition.y
      value: -0.00999999
      objectReference: {fileID: 0}
    - target: {fileID: 4697703872394988, guid: 9c7158124a365cd4ab51924c8567396e, type: 2}
      propertyPath: m_LocalPosition.z
      value: 0.13899994
      objectReference: {fileID: 0}
    - target: {fileID: 4697703872394988, guid: 9c7158124a365cd4ab51924c8567396e, type: 2}
      propertyPath: m_LocalRotation.x
      value: -0
      objectReference: {fileID: 0}
    - target: {fileID: 4697703872394988, guid: 9c7158124a365cd4ab51924c8567396e, type: 2}
      propertyPath: m_LocalRotation.y
      value: -0
      objectReference: {fileID: 0}
    - target: {fileID: 4697703872394988, guid: 9c7158124a365cd4ab51924c8567396e, type: 2}
      propertyPath: m_LocalRotation.z
      value: -0
      objectReference: {fileID: 0}
    - target: {fileID: 4697703872394988, guid: 9c7158124a365cd4ab51924c8567396e, type: 2}
      propertyPath: m_LocalRotation.w
      value: 1
      objectReference: {fileID: 0}
    - target: {fileID: 4697703872394988, guid: 9c7158124a365cd4ab51924c8567396e, type: 2}
      propertyPath: m_RootOrder
      value: 4
      objectReference: {fileID: 0}
    - target: {fileID: 1566883557113312, guid: 9c7158124a365cd4ab51924c8567396e, type: 2}
      propertyPath: m_TagString
      value: Obj
      objectReference: {fileID: 0}
    m_RemovedComponents: []
  m_ParentPrefab: {fileID: 100100000, guid: 9c7158124a365cd4ab51924c8567396e, type: 2}
  m_IsPrefabParent: 0
--- !u!4 &505451229 stripped
Transform:
  m_PrefabParentObject: {fileID: 4697703872394988, guid: 9c7158124a365cd4ab51924c8567396e,
    type: 2}
  m_PrefabInternal: {fileID: 505451228}
--- !u!1001 &1337089777
Prefab:
  m_ObjectHideFlags: 0
  serializedVersion: 2
  m_Modification:
    m_TransformParent: {fileID: 2090678794}
    m_Modifications:
    - target: {fileID: 4650051371017918, guid: 8ae0a145289df9244901d5c561edb7a9, type: 2}
      propertyPath: m_LocalPosition.x
      value: 0
      objectReference: {fileID: 0}
    - target: {fileID: 4650051371017918, guid: 8ae0a145289df9244901d5c561edb7a9, type: 2}
      propertyPath: m_LocalPosition.y
      value: 0.01999998
      objectReference: {fileID: 0}
    - target: {fileID: 4650051371017918, guid: 8ae0a145289df9244901d5c561edb7a9, type: 2}
      propertyPath: m_LocalPosition.z
      value: 0.03999996
      objectReference: {fileID: 0}
    - target: {fileID: 4650051371017918, guid: 8ae0a145289df9244901d5c561edb7a9, type: 2}
      propertyPath: m_LocalRotation.x
      value: 0.7071068
      objectReference: {fileID: 0}
    - target: {fileID: 4650051371017918, guid: 8ae0a145289df9244901d5c561edb7a9, type: 2}
      propertyPath: m_LocalRotation.y
      value: -0
      objectReference: {fileID: 0}
    - target: {fileID: 4650051371017918, guid: 8ae0a145289df9244901d5c561edb7a9, type: 2}
      propertyPath: m_LocalRotation.z
      value: -0
      objectReference: {fileID: 0}
    - target: {fileID: 4650051371017918, guid: 8ae0a145289df9244901d5c561edb7a9, type: 2}
      propertyPath: m_LocalRotation.w
      value: -0.7071068
      objectReference: {fileID: 0}
    - target: {fileID: 4650051371017918, guid: 8ae0a145289df9244901d5c561edb7a9, type: 2}
      propertyPath: m_RootOrder
      value: 4
      objectReference: {fileID: 0}
    - target: {fileID: 4650051371017918, guid: 8ae0a145289df9244901d5c561edb7a9, type: 2}
      propertyPath: m_LocalScale.y
      value: 50.00006
      objectReference: {fileID: 0}
    - target: {fileID: 4650051371017918, guid: 8ae0a145289df9244901d5c561edb7a9, type: 2}
      propertyPath: m_LocalScale.z
      value: 50.00006
      objectReference: {fileID: 0}
    - target: {fileID: 1157549289448564, guid: 8ae0a145289df9244901d5c561edb7a9, type: 2}
      propertyPath: m_TagString
      value: Obj
      objectReference: {fileID: 0}
    m_RemovedComponents: []
  m_ParentPrefab: {fileID: 100100000, guid: 8ae0a145289df9244901d5c561edb7a9, type: 2}
  m_IsPrefabParent: 0
--- !u!4 &1337089778 stripped
Transform:
  m_PrefabParentObject: {fileID: 4650051371017918, guid: 8ae0a145289df9244901d5c561edb7a9,
    type: 2}
  m_PrefabInternal: {fileID: 1337089777}
--- !u!1001 &1436451052
Prefab:
  m_ObjectHideFlags: 0
  serializedVersion: 2
  m_Modification:
    m_TransformParent: {fileID: 0}
    m_Modifications:
    - target: {fileID: 4888339897762086, guid: b4638050724ab644f961e80b3361ddb3, type: 2}
      propertyPath: m_LocalPosition.x
      value: 0.31
      objectReference: {fileID: 0}
    - target: {fileID: 4888339897762086, guid: b4638050724ab644f961e80b3361ddb3, type: 2}
      propertyPath: m_LocalPosition.y
      value: 3.07
      objectReference: {fileID: 0}
    - target: {fileID: 4888339897762086, guid: b4638050724ab644f961e80b3361ddb3, type: 2}
      propertyPath: m_LocalPosition.z
      value: 9.88
      objectReference: {fileID: 0}
    - target: {fileID: 4888339897762086, guid: b4638050724ab644f961e80b3361ddb3, type: 2}
      propertyPath: m_LocalRotation.x
      value: 0
      objectReference: {fileID: 0}
    - target: {fileID: 4888339897762086, guid: b4638050724ab644f961e80b3361ddb3, type: 2}
      propertyPath: m_LocalRotation.y
      value: 0
      objectReference: {fileID: 0}
    - target: {fileID: 4888339897762086, guid: b4638050724ab644f961e80b3361ddb3, type: 2}
      propertyPath: m_LocalRotation.z
      value: 0
      objectReference: {fileID: 0}
    - target: {fileID: 4888339897762086, guid: b4638050724ab644f961e80b3361ddb3, type: 2}
      propertyPath: m_LocalRotation.w
      value: 1
      objectReference: {fileID: 0}
    - target: {fileID: 4888339897762086, guid: b4638050724ab644f961e80b3361ddb3, type: 2}
      propertyPath: m_RootOrder
      value: 3
      objectReference: {fileID: 0}
    - target: {fileID: 114977051572426832, guid: b4638050724ab644f961e80b3361ddb3,
        type: 2}
      propertyPath: encompassedTransform
      value: 
      objectReference: {fileID: 198260922}
    - target: {fileID: 4836544968938384, guid: b4638050724ab644f961e80b3361ddb3, type: 2}
      propertyPath: m_RootOrder
      value: 3
      objectReference: {fileID: 0}
    - target: {fileID: 1761513603443372, guid: b4638050724ab644f961e80b3361ddb3, type: 2}
      propertyPath: m_Name
      value: TransformManipulationBox (1)
      objectReference: {fileID: 0}
    m_RemovedComponents: []
  m_ParentPrefab: {fileID: 100100000, guid: b4638050724ab644f961e80b3361ddb3, type: 2}
  m_IsPrefabParent: 0
--- !u!4 &1436451053 stripped
Transform:
  m_PrefabParentObject: {fileID: 4888339897762086, guid: b4638050724ab644f961e80b3361ddb3,
    type: 2}
  m_PrefabInternal: {fileID: 1436451052}
--- !u!1 &1605613342
GameObject:
  m_ObjectHideFlags: 0
  m_PrefabParentObject: {fileID: 0}
  m_PrefabInternal: {fileID: 0}
  serializedVersion: 5
  m_Component:
  - component: {fileID: 1605613346}
  - component: {fileID: 1605613345}
  - component: {fileID: 1605613344}
  - component: {fileID: 1605613343}
  m_Layer: 0
  m_Name: Ground
  m_TagString: Untagged
  m_Icon: {fileID: 0}
  m_NavMeshLayer: 0
  m_StaticEditorFlags: 4294967295
  m_IsActive: 1
--- !u!23 &1605613343
MeshRenderer:
  m_ObjectHideFlags: 0
  m_PrefabParentObject: {fileID: 0}
  m_PrefabInternal: {fileID: 0}
  m_GameObject: {fileID: 1605613342}
  m_Enabled: 1
  m_CastShadows: 1
  m_ReceiveShadows: 1
  m_MotionVectors: 1
  m_LightProbeUsage: 1
  m_ReflectionProbeUsage: 1
  m_Materials:
  - {fileID: 10303, guid: 0000000000000000f000000000000000, type: 0}
  m_StaticBatchInfo:
    firstSubMesh: 0
    subMeshCount: 0
  m_StaticBatchRoot: {fileID: 0}
  m_ProbeAnchor: {fileID: 0}
  m_LightProbeVolumeOverride: {fileID: 0}
  m_ScaleInLightmap: 1
  m_PreserveUVs: 1
  m_IgnoreNormalsForChartDetection: 0
  m_ImportantGI: 0
  m_SelectedEditorRenderState: 3
  m_MinimumChartSize: 4
  m_AutoUVMaxDistance: 0.5
  m_AutoUVMaxAngle: 89
  m_LightmapParameters: {fileID: 0}
  m_SortingLayerID: 0
  m_SortingLayer: 0
  m_SortingOrder: 0
--- !u!65 &1605613344
BoxCollider:
  m_ObjectHideFlags: 0
  m_PrefabParentObject: {fileID: 0}
  m_PrefabInternal: {fileID: 0}
  m_GameObject: {fileID: 1605613342}
  m_Material: {fileID: 0}
  m_IsTrigger: 0
  m_Enabled: 1
  serializedVersion: 2
  m_Size: {x: 1, y: 1, z: 1}
  m_Center: {x: 0, y: 0, z: 0}
--- !u!33 &1605613345
MeshFilter:
  m_ObjectHideFlags: 0
  m_PrefabParentObject: {fileID: 0}
  m_PrefabInternal: {fileID: 0}
  m_GameObject: {fileID: 1605613342}
  m_Mesh: {fileID: 10202, guid: 0000000000000000e000000000000000, type: 0}
--- !u!4 &1605613346
Transform:
  m_ObjectHideFlags: 0
  m_PrefabParentObject: {fileID: 0}
  m_PrefabInternal: {fileID: 0}
  m_GameObject: {fileID: 1605613342}
  m_LocalRotation: {x: -0, y: -0, z: -0, w: 1}
  m_LocalPosition: {x: 0, y: 0, z: 0}
  m_LocalScale: {x: 100, y: 1, z: 100}
  m_Children: []
  m_Father: {fileID: 0}
  m_RootOrder: 5
  m_LocalEulerAnglesHint: {x: 0, y: 0, z: 0}
--- !u!1001 &2090678793
Prefab:
  m_ObjectHideFlags: 0
  serializedVersion: 2
  m_Modification:
    m_TransformParent: {fileID: 0}
    m_Modifications:
    - target: {fileID: 4888339897762086, guid: b4638050724ab644f961e80b3361ddb3, type: 2}
      propertyPath: m_LocalPosition.x
      value: 3.6
      objectReference: {fileID: 0}
    - target: {fileID: 4888339897762086, guid: b4638050724ab644f961e80b3361ddb3, type: 2}
      propertyPath: m_LocalPosition.y
      value: 3.6
      objectReference: {fileID: 0}
    - target: {fileID: 4888339897762086, guid: b4638050724ab644f961e80b3361ddb3, type: 2}
      propertyPath: m_LocalPosition.z
      value: 9.38
      objectReference: {fileID: 0}
    - target: {fileID: 4888339897762086, guid: b4638050724ab644f961e80b3361ddb3, type: 2}
      propertyPath: m_LocalRotation.x
      value: 0
      objectReference: {fileID: 0}
    - target: {fileID: 4888339897762086, guid: b4638050724ab644f961e80b3361ddb3, type: 2}
      propertyPath: m_LocalRotation.y
      value: 0
      objectReference: {fileID: 0}
    - target: {fileID: 4888339897762086, guid: b4638050724ab644f961e80b3361ddb3, type: 2}
      propertyPath: m_LocalRotation.z
      value: 0
      objectReference: {fileID: 0}
    - target: {fileID: 4888339897762086, guid: b4638050724ab644f961e80b3361ddb3, type: 2}
      propertyPath: m_LocalRotation.w
      value: 1
      objectReference: {fileID: 0}
    - target: {fileID: 4888339897762086, guid: b4638050724ab644f961e80b3361ddb3, type: 2}
      propertyPath: m_RootOrder
      value: 2
      objectReference: {fileID: 0}
    - target: {fileID: 114977051572426832, guid: b4638050724ab644f961e80b3361ddb3,
        type: 2}
      propertyPath: encompassedObject
      value: 
      objectReference: {fileID: 505451229}
    - target: {fileID: 114977051572426832, guid: b4638050724ab644f961e80b3361ddb3,
        type: 2}
      propertyPath: encompassedTransform
      value: 
      objectReference: {fileID: 1337089778}
    m_RemovedComponents: []
  m_ParentPrefab: {fileID: 100100000, guid: b4638050724ab644f961e80b3361ddb3, type: 2}
  m_IsPrefabParent: 0
--- !u!4 &2090678794 stripped
Transform:
  m_PrefabParentObject: {fileID: 4888339897762086, guid: b4638050724ab644f961e80b3361ddb3,
    type: 2}
  m_PrefabInternal: {fileID: 2090678793}
--- !u!1001 &2114703827
Prefab:
  m_ObjectHideFlags: 0
  serializedVersion: 2
  m_Modification:
    m_TransformParent: {fileID: 0}
    m_Modifications:
    - target: {fileID: 400000, guid: 5e9e851c0e142814dac026a256ba2ac0, type: 2}
      propertyPath: m_LocalPosition.x
      value: -0.37
      objectReference: {fileID: 0}
    - target: {fileID: 400000, guid: 5e9e851c0e142814dac026a256ba2ac0, type: 2}
      propertyPath: m_LocalPosition.y
      value: 3.06
      objectReference: {fileID: 0}
    - target: {fileID: 400000, guid: 5e9e851c0e142814dac026a256ba2ac0, type: 2}
      propertyPath: m_LocalPosition.z
      value: 0
      objectReference: {fileID: 0}
    - target: {fileID: 400000, guid: 5e9e851c0e142814dac026a256ba2ac0, type: 2}
      propertyPath: m_LocalRotation.x
      value: 0
      objectReference: {fileID: 0}
    - target: {fileID: 400000, guid: 5e9e851c0e142814dac026a256ba2ac0, type: 2}
      propertyPath: m_LocalRotation.y
      value: 0
      objectReference: {fileID: 0}
    - target: {fileID: 400000, guid: 5e9e851c0e142814dac026a256ba2ac0, type: 2}
      propertyPath: m_LocalRotation.z
      value: 0
      objectReference: {fileID: 0}
    - target: {fileID: 400000, guid: 5e9e851c0e142814dac026a256ba2ac0, type: 2}
      propertyPath: m_LocalRotation.w
      value: 1
      objectReference: {fileID: 0}
    - target: {fileID: 400000, guid: 5e9e851c0e142814dac026a256ba2ac0, type: 2}
      propertyPath: m_RootOrder
      value: 1
      objectReference: {fileID: 0}
    m_RemovedComponents: []
  m_ParentPrefab: {fileID: 100100000, guid: 5e9e851c0e142814dac026a256ba2ac0, type: 2}
  m_IsPrefabParent: 0
